<?xml version="1.0" encoding="UTF-8"?><collection xmlns="http://www.loc.gov/MARC21/slim"><record><leader>00357nam--2200133-i-4500</leader><controlfield tag="001">000014575</controlfield><controlfield tag="002">20161230</controlfield><controlfield tag="005">20161230201030</controlfield><controlfield tag="008">060222s1000------------r-----000-0-eng-d</controlfield><datafield ind1=" " ind2=" " tag="245"><subfield code="a">Kerogen. insoluble organic matter from sedimentaru rocks</subfield></datafield><datafield ind1=" " ind2=" " tag="260"><subfield code="a">Paris, Editions Technip, 1980</subfield></datafield><datafield ind1=" " ind2=" " tag="490"><subfield code="a">Xxviii+519p</subfield></datafield><datafield ind1=" " ind2=" " tag="700"><subfield code="a">Durand, Bernard,</subfield></datafield><datafield ind1=" " ind2=" " tag="852"><subfield code="a">552.5:553.1</subfield></datafield></record></collection>